@book{textbook,
    author    = "James W. Nilsson and Susan A. Riedel",
    title     = "Electric Circuits",
    publisher = "Pearson",
    address  = "New Jersey, USA",
    edition  = "9",
    year      = "2011",

}
@manual{labmanual,
	title		= "HLAB \#4: Full-Wave Rectifier Implementation",
	%author		= "",
	organization	= "Australian National University, School of Engineering",
	year		= "2014",
}
@misc{lecture,
    author    = "Jon Kim",
    title     = "{ENGN1218} Intro to Electronics: Response of {RC} and {RL} Circuits",
    howpublished = "Lecture 11",
}
