@book{textbook,
    author    = "James W. Nilsson and Susan A. Riedel",
    title     = "Electric Circuits",
    publisher = "Pearson",
    address  = "New Jersey, USA",
    edition  = "9",
    year      = "2011",

}
@manual{labmanual,
	title		= "HLAB \#4: Full-Wave Rectifier Implementation",
	%author		= "",
	organization	= "Australian National University, School of Engineering",
	year		= "2014",
}
@misc{lecture,
    author    = "Jon Kim",
    title     = "{ENGN1218} Intro to Electronics: Response of {RC} and {RL} Circuits",
    howpublished = "Lecture 11",
}
@misc{capchar,
    author    = "Electronics Tutorials",
    title     = "Capacitor Characteristics",
    howpublished = "\url{http://www.electronics-tutorials.ws/capacitor/cap_3.html}",
}
@misc{regdata,
    author    = "Texas Instruments",
    title     = "{LM78LXX} Series 3-Terminal Positive Regulators",
    howpublished = "\url{http://www.ti.com/lit/ds/symlink/lm78l05.pdf}",
}
@misc{unc,
    author    = "Rochester Institute of Technology",
    title     = "Uncertainties and Error Propagation",
    howpublished = "\url{http://www.rit.edu/cos/uphysics/uncertainties/Uncertaintiespart2.html}",
}
